@article{anandhan2018social,
  title={Social media recommender systems: review and open research issues},
  author={Anandhan, Anitha and Shuib, Liyana and Ismail, Maizatul Akmar and Mujtaba, Ghulam},
  journal={IEEE Access},
  volume={6},
  pages={15608--15628},
  year={2018},
  publisher={IEEE}
}

@misc{hercberg2021nutri,
  title={The nutri-score nutrition label},
  author={Hercberg, Serge and Touvier, Mathilde and Salas-Salvado, Jordi},
  year={2021},
  publisher={Hogrefe AG}
}

@incollection{schafer2007collaborative,
  title={Collaborative filtering recommender systems},
  author={Schafer, J Ben and Frankowski, Dan and Herlocker, Jon and Sen, Shilad},
  booktitle={The adaptive web: methods and strategies of web personalization},
  pages={291--324},
  year={2007},
  publisher={Springer}
}

@article{rolanda2023content,
  title={Content-Based Filtering Recommendation System Using Categories Search Engine},
  author={Rolanda, Vicky and Gunawan, Teddy Surya and others},
  journal={International Journal of Research in Vocational Studies (IJRVOCAS)},
  volume={2},
  number={4},
  pages={120--125},
  year={2023}
}

@article{burke2000knowledge,
  title={Knowledge-based recommender systems},
  author={Burke, Robin},
  journal={Encyclopedia of library and information systems},
  volume={69},
  number={Supplement 32},
  pages={175--186},
  year={2000}
}

@misc{hercberg2021nutri,
  title={The nutri-score nutrition label},
  author={Hercberg, Serge and Touvier, Mathilde and Salas-Salvado, Jordi},
  year={2021},
  publisher={Hogrefe AG}
}

@article{burke2002hybrid,
  title={Hybrid recommender systems: Survey and experiments},
  author={Burke, Robin},
  journal={User modeling and user-adapted interaction},
  volume={12},
  pages={331--370},
  year={2002},
  publisher={Springer}
}

@article{hrnjica2020model,
  title={Model-based recommender systems},
  author={Hrnjica, Bahrudin and Music, Denis and Softic, Selver},
  journal={Trends in Cloud-based IoT},
  pages={125--146},
  year={2020},
  publisher={Springer}
}

@inproceedings{aditya2016comparative,
  title={A comparative analysis of memory-based and model-based collaborative filtering on the implementation of recommender system for E-commerce in Indonesia: A case study PT X},
  author={Aditya, PH and Budi, Indra and Munajat, Qorib},
  booktitle={2016 International Conference on Advanced Computer Science and Information Systems (ICACSIS)},
  pages={303--308},
  year={2016},
  organization={IEEE}
}